\bibliographystyle{ieeetr}


@book{principles_robot_motion_book,
	author    = { Howie Choset; Kevin M. Lynch; Seth Hutchinson; George A. Kantor; Wolfram Burgard; Lydia E. Kavraki; Sebastian Thrun},
	title     = {Principles of Robot Motion: Theory, Algorithms, and Implementations},
	year      = {2005},
	pages={608},
	publisher = {The MIT Press},
	isbn      = {978-0262-03327-5},
}

@misc{serhan_kalman, howpublished="\url{https://arxiv.org/abs/2007.14084}",
	author    = {Serhan Guel and Sebastian Bosse and Dimitri Podborski and Thomas Schierl and Cornelius Hellge.},
	booktitle={2017 International Conference on 3D Immersion (IC3D)}, 
	title     = {Kalman Filter-based Head Motion Prediction for Cloud-based Mixed Reality},
	year={2020},
	pages={1-6},
	doi={0.1145/3394171.3413699},
	note={date access on 19.02.22}}
}


@misc{serhan_cloud_streaming, howpublished="\url{https://arxiv.org/abs/2001.06466}",
	author    = {Serhan Gül and Dimitri Podborski and Thomas Buchholz and Thomas Schierl and Cornelius Hellge.},
	booktitle={30th ACM Workshop on Network and Operating Systems Support for Digital Audio and Video (NOSSDAV)}, 
	title     = {Low-latency Cloud-based Volumetric Video Streaming Using Head Motion Prediction},
	year={2020},
	pages={1-7},
	doi={0.1145/3394171.3413699},
	note={date access on 19.02.22}}
}

@misc{lstm_fcn, howpublished="\url{https://arxiv.org/abs/1709.05206}",
	author    = {Fazle Karim and Somshubra Majumdar and Houshang Darabi and Shun Chen.},
	title     = {LSTM Fully Convolutional Networks for Time Series Classification},
	year={2017},
	pages={1-7},
	doi={10.48550/arXiv.1709.05206},
	note={date access on 14.04.22}}
}


@misc{new_challenge, howpublished="\url{https://ieeexplore.ieee.org/document/9506525}",
	author={Rossi, Silvia and Viola, Irene and Toni, Laura and Cesar, Pablo},
	booktitle={2021 IEEE International Conference on Image Processing (ICIP)}, 
	title={A New Challenge: Behavioural Analysis Of 6-DOF User When Consuming Immersive Media}, 
	year={2021},
	volume={},
	number={},
	pages={3423-3427},
	doi={10.1109/ICIP42928.2021.9506525},
	note={date access on 03.04.22}}
}


@misc{6-dof_metrics, howpublished="\url{https://www.researchgate.net/publication/357172010}",
	author    = {Silvia Rossi and Irene Viola and Laura Toni and Pablo Cesar.},
	title     = {From 3-DoF to 6-DoF: New Metrics to Analyse Users Behaviour in Immersive Applications},
	year={2021},
	note={1-7. 2021. date access on 13.04.22},
}

@misc{user_behav_volumetric, howpublished="\url{https://ieeexplore.ieee.org/document/9465456}",
	author={Zerman, Emin and Kulkarni, Radhika and Smolic, Aljosa},
	booktitle={2021 13th International Conference on Quality of Multimedia Experience (QoMEX)}, 
	title={User Behaviour Analysis of Volumetric Video in Augmented Reality}, 
	year={2021},
	volume={},
	number={},
	pages={129-132},
	doi={10.1109/QoMEX51781.2021.9465456},
	note={date access on 13.04.22}},
}


@misc{predicting_360, howpublished="\url{https://ieeexplore.ieee.org/document/8251913}",
	author={Aladagli, A. Deniz and Ekmekcioglu, Erhan and Jarnikov, Dmitri and Kondoz, Ahmet},
	booktitle={2017 International Conference on 3D Immersion (IC3D)}, 
	title={Predicting head trajectories in 360° virtual reality videos}, 
	year={2017},
	volume={},
	number={},
	pages={1-6},
	doi={10.1109/IC3D.2017.8251913},
	note={date access on 29.03.22}},
}


@misc{attention_saliency, howpublished="\url{https://www.researchgate.net/publication/328370817}",
	author    = {Anh Nguyen and Zhisheng Yan and Klara Nahrstedt.},
	booktitle={ACM Multimedia Conference.}, 
	title     = {Your Attention is Unique: Detecting 360-Degree Video Saliency in Head-Mounted Display for Head Movement Prediction},
	year={2018},
	volume={},
	number={},
	pages={1-9},
	doi={10.1145/3240508.3240669},
	note={date access on 15.03.22}},
}


@misc{delay_sickness, howpublished="\url{https://www.researchgate.net/publication/2945506}",
	author={Allison, R.S. and Harris, L.R. and Jenkin, M. and Jasiobedzka, U. and Zacher, J.E.},
	booktitle={Proceedings IEEE Virtual Reality 2001}, 
	title={Tolerance of temporal delay in virtual environments}, 
	year={2001},
	volume={},
	number={},
	pages={247-254},
	doi={10.1109/VR.2001.913793},
	note={date access on 17.03.22}},
}


@misc{cellular_opt, howpublished="\url{https://dl.acm.org/doi/10.1145/2980055.2980056}",
	author    = {Feng Qian and Lusheng Ji and Bo Han and Vijay Gopalakrishnan.},
	booktitle={Conference: the 5th Workshop}, 
	title     = {Optimizing 360 video delivery over cellular networks},
	year={2016},
	volume={},
	number={},
	pages={1-6},
	note={date access on 12.03.22},
}

@misc{6DoF_Tracking, howpublished="\url{https://ieeexplore.ieee.org/document/9394069}",
	author={Chang, Yun-Kai and Chen, Mai-Keh and Li, Yun-Lun and Li, Hao-Ting and Chiang, Chen-Kuo},
	booktitle={2020 International Symposium on Computer, Consumer and Control (IS3C)}, 
	title={6DoF Tracking in Virtual Reality by Deep RNN Model}, 
	year={2020},
	volume={},
	number={},
	pages={193-196},
	doi={10.1109/IS3C50286.2020.00057},
	note={date access on 02.04.22},
}

@misc{delay_compensation_360, howpublished="\url{https://arxiv.org/abs/2007.14084}",
	author    = {Tamay Aykut and Christoph Burgmair and Mojtaba Leox Karimi and Eckehard Steinbach.},
	booktitle={IEEE Robotics and Automation Letters.}, 
	title     = {Delay Compensation for a Telepresence System With 3D 360 Degree Vision Based on Deep Head Motion Prediction and Dynamic FoV Adaptation},
	year={2018},
	pages={1-6},
	doi={10.1109/WACV.2018.00222},
	note={date access on 23.02.22}}
}


@misc{tourist_traces, howpublished="\url{https://www.researchgate.net/publication/338377314}",
	author    = {Alessandro Crivellari and Euro Beinat.},
	booktitle={Sustainability 12}, 
	title     = {LSTM-Based Deep Learning Model for Predicting Individual Mobility Traces of Short-Term Foreign Tourists},
	year={2020},
	pages={1-6},
	doi={10.3390/su12010349},
	note={date access on 08.04.22}}
}


@misc{rnn_traces_hidden, howpublished="\url{https://www.researchgate.net/publication/338377314}",
	author    = {Dingqi Yang and Benjamin Fankhauser and Paolo Rosso and Philippe Cudre-Mauroux.},
	booktitle={Proceedings of the Twenty-Ninth International Joint Conference on Artificial Intelligence (IJCAI-20)}, 
	title     = {Location Prediction over Sparse User Mobility Traces Using RNNs: Flashback in Hidden States},
	year={2020},
	pages={2184-2190},
	doi={10.24963/ijcai.2020/302},
	note={date access on 07.04.22}}
}


@misc{timeseries_scratch, howpublished="\url{https://www.researchgate.net/publication/318332658}",
	author    = {Zhiguang Wang and Weizhong Yan and Tim Oates.},
	booktitle={Conference: 2017 International Joint Conference on Neural Networks (IJCNN)}, 
	title     = {Time Series Classification from Scratch with DeepNeural Networks: A Strong Baseline},
	year={2017},
	pages={1-9},
	doi={10.1109/IJCNN.2017.7966039},
	note={date access on 25.03.22}}
}

@misc{telepresence, howpublished="\url{https://www.researchgate.net/publication/330861228}",
	author    = {Tamay Aykut and Eckehard Steinbach and Jingyi Xu.},
	booktitle={IEEE Journal on Emerging and Selected Topics in Circuits and Systems}, 
	title     = {Realtime 3D 360-Degree Telepresence With Deep-Learning-Based Head-Motion Prediction},
	year={2019},
	pages={1-16},
	doi={110.1109/JETCAS.2019.2897220},
	note={date access on 25.03.22}}
}

@misc{empirical_evaluation, howpublished="\url{https://arxiv.org/abs/1412.3555}",
	author    = {Junyoung Chung and Caglar Gulcehre and KyungHyun Cho and Yoshua Bengio.},
	booktitle={NIPS 2014 Deep Learning and Representation Learning Workshop}, 
	title     = {Empirical Evaluation of Gated Recurrent Neural Networks on Sequence Modeling},
	year={2014},
	pages={1-9},
	doi={10.48550/arXiv.1412.3555},
	note={date access on 30.03.22}}
}

@misc{hmd, howpublished="\url{http://www.cs.unc.edu/techreports/93-010/93-010.pdf}",
	author    = {Devesh K Bhatnagar.},
	title     = {Position trackers for Head Mounted Display systems: A survey},
	year={1993},
	pages={1-21},
	note={date access on 31.03.22}}
}

@misc{rnn_difficults, howpublished="\url{http://www.cs.unc.edu/techreports/93-010/93-010.pdf}",
	author={Bengio, Y. and Simard, P. and Frasconi, P.},
	journal={IEEE Transactions on Neural Networks}, 
	title={Learning long-term dependencies with gradient descent is difficult}, 
	year={1994},
	volume={5},
	number={2},
	pages={157-166},
	doi={10.1109/72.279181},
	note={date access on 31.03.22}}
}

@misc{lstm_orig, howpublished="\url{https://www.researchgate.net/publication/13853244}",
	author = {Hochreiter, Sepp and Schmidhuber, Jürgen},
	year = {1997},
	month = {12},
	pages = {1735-80},
	title = {Long Short-term Memory},
	volume = {9},
	journal = {Neural computation},
	doi = {10.1162/neco.1997.9.8.1735},
	note={date access on 31.03.22}}
}

@misc{action_recognition, howpublished="\url{https://www.researchgate.net/publication/358012181}",
	author    = {Hao-Ting Li and Yung-Pin Liu and Yun-Kai Chang and Chen-Kuo Chiang.},
	booktitle={Springer Nature}, 
	title     = {Action recognition and tracking via deep representation extraction and motion bases learning},
	year={2022},
	pages={1-20},
	doi={10.1007/s11042-021-11888-8},
	note={date access on 01.04.22}}
}

@misc{simple_average, howpublished="\url{https://ieeexplore.ieee.org/document/7996611}",
	author={Corbillon, Xavier and Simon, Gwendal and Devlic, Alisa and Chakareski, Jacob},
	booktitle={2017 IEEE International Conference on Communications (ICC)}, 
	title={Viewport-adaptive navigable 360-degree video delivery}, 
	year={2017},
	volume={},
	number={},
	pages={1-7},
	doi={10.1109/ICC.2017.7996611},
	note={date access on 05.04.22}}
}


@misc{linreg1, howpublished="\url{https://www.researchgate.net/publication/319048432}",
	author = {Duanmu, Fanyi and Kurdoğlu, Eymen and Hosseini, S. and Liu, Yong and Wang, Yao},
	year = {2017},
	month = {08},
	pages = {13-18},
	title = {Prioritized Buffer Control in Two-tier 360 Video Streaming},
	isbn = {978-1-4503-5055-6},
	doi = {10.1145/3097895.3097898},
	note={date access on 05.04.22}}
}

@misc{linreg2, howpublished="\url{https://www.researchgate.net/publication/320542716}",
	author = {Xie, Lan and Xu, Zhimin and Ban, Yixuan and Zhang, Xinggong and Guo, Zongming},
	year = {2017},
	month = {10},
	pages = {315-323},
	title = {360ProbDASH: Improving QoE of 360 Video Streaming Using Tile-based HTTP Adaptive Streaming},
	doi = {10.1145/3123266.3123291},
	note={date access on 05.04.22}}
}

@misc{linreg3, howpublished="\url{https://www.researchgate.net/publication/320542716}",
	author = {Taghavi, Afshin and Mahzari, Anahita and Beshay, Joseph and Prakash, Ravi},
	year = {2017},
	month = {10},
	pages = {1689-1697},
	title = {Adaptive 360-Degree Video Streaming using Scalable Video Coding},
	doi = {10.1145/3123266.3123414},
	note={date access on 05.04.22}}
}